<record><leader>00000cas a22000007a 4500</leader><controlfield tag="001">15290438</controlfield><controlfield tag="008">870309d1887188uinudn ne      0    0eng d</controlfield><datafield ind1=" " ind2=" " tag="010"><subfield code="a">sn 87055427 </subfield></datafield><datafield ind1=" " ind2=" " tag="040"><subfield code="a">NPI</subfield><subfield code="b">eng</subfield><subfield code="c">NPI</subfield><subfield code="d">NVF</subfield><subfield code="d">OCLCQ</subfield></datafield><datafield ind1=" " ind2=" " tag="042"><subfield code="a">msc</subfield></datafield><datafield ind1="0" ind2="4" tag="245"><subfield code="a">The Journal dispatch.</subfield></datafield><datafield ind1=" " ind2=" " tag="260"><subfield code="a">Crawfordsville, Ind. :</subfield><subfield code="b">T.H.B. McCain,</subfield><subfield code="c">1887-</subfield></datafield><datafield ind1=" " ind2=" " tag="310"><subfield code="a">Daily (except Sunday)</subfield></datafield><datafield ind1="0" ind2=" " tag="362"><subfield code="a">Vol. 2, no. 268 (July 15, 1887)-</subfield></datafield><datafield ind1=" " ind2=" " tag="580"><subfield code="a">Weekly eds.: Crawfordsville journal (Crawfordsville, Ind. : Weekly : 1887); Wednesday journal (Crawfordsville, Ind.); Crawfordsville Saturday journal; and: Crawfordsville journal (Crawfordsville, Ind. : Weekly : 1888).</subfield></datafield><datafield ind1=" " ind2=" " tag="752"><subfield code="a">United States</subfield><subfield code="b">Indiana</subfield><subfield code="c">Montgomery</subfield><subfield code="d">Crawfordsville.</subfield></datafield><datafield ind1="1" ind2=" " tag="775"><subfield code="t">Crawfordsville journal (Crawfordsville, Ind. : Weekly : 1887)</subfield><subfield code="w">(DLC)sn 87056848</subfield></datafield><datafield ind1="1" ind2=" " tag="775"><subfield code="t">Wednesday journal (Crawfordsville, Ind.)</subfield><subfield code="w">(DLC)sn 87056850</subfield></datafield><datafield ind1="1" ind2=" " tag="775"><subfield code="t">Crawfordsville Saturday journal</subfield><subfield code="w">(DLC)sn 87056851</subfield></datafield><datafield ind1="1" ind2=" " tag="775"><subfield code="t">Crawfordsville journal (Crawfordsville, Ind. : Weekly : 1888)</subfield><subfield code="w">(DLC)sn 86058003</subfield></datafield><datafield ind1="0" ind2="0" tag="780"><subfield code="t">Daily dispatch (Crawfordsville, Ind.)</subfield><subfield code="w">(DLC)sn 87055426</subfield></datafield><datafield ind1="0" ind2="0" tag="785"><subfield code="t">Daily journal (Crawfordsville, Ind.)</subfield><subfield code="w">(DLC)sn 87055424</subfield></datafield></record>